@ARTICLE{Oliveira&09,
  AUTHOR        = {Oliveira, M. and Cavalcanti, A. and Woodcock, J.},
  TITLE         = "{A UTP semantics for {C}ircus}",
  JOURNAL       = {Formal Aspects of Computing},
  VOLUME        = {21},
  ISSUE         = {1-2},
  YEAR          = {2009},
  PAGES         = {3--32},
  PUBLISHER     = {Springer}}

@INCOLLECTION{Cavalcanti&06,
  KEY           = "Cavalcanti\&06",
  AUTHOR        = {Cavalcanti, A. and Woodcock, J.},
  TITLE         = {A Tutorial Introduction to {CSP} in Unifying Theories of
                   Programming},
  BOOKTITLE     = {Refinement Techniques in Software Engineering},
  SERIES        = {LNCS},
  PUBLISHER     = {Springer},
  ISBN          = {978-3-540-46253-8},
  PAGES         = {220--268},
  VOLUME        = {3167},
  YEAR          = {2006},
  COMMENT       = "BIB PGL"}

@InProceedings{Foster16a,
  author =       {Foster, S. and Zeyda, F. and Woodcock, J.},
  title =        {Unifying heterogeneous state-spaces with lenses},
  booktitle =    {Proc. 13th Intl. Conf. on Theoretical Aspects of Computing (ICTAC)},
  year =         2016,
  volume =    9965,
  series =       {LNCS},
  publisher =    {Springer}}

@InProceedings{Foster17a,
  title =        {Towards Verification of Cyber-Physical Systems with {UTP} and {Isabelle/HOL}},
  author =       {Foster, S. and Woodcock, J.},
  year =         {2017},
  OPTkey =       {},
  booktitle =    {Concurrency, Security, and Puzzles},
  OPTeditor =    {},
  volume =       {10160},
  OPTnumber =    {},
  series =       {LNCS},
  OPTaddress =   {},
  month =        {January 2017},
  OPTorganization = {},
  publisher =    {Springer},
  OPTnote =      {},
  OPTannote =    {}
}



@Article{Foster17b,
  author =       {Foster, S. and Zeyda, F.},
  title =        {Optics in Isabelle/HOL},
  journal =      {Archive of Formal Proofs},
  year =         {2017},
  OPTkey =       {},
  OPTvolume =    {},
  OPTnumber =    {},
  OPTpages =     {},
  OPTmonth =     {},
  note =         {\url{https://www.isa-afp.org/entries/Optics.shtml}},
  OPTannote =    {}
}

@Book{Hoare&98,
  Title                    = {Unifying {Theories} of {Programming}},
  Author                   = {Hoare, T. and He, J.},
  Publisher                = {Prentice-Hall},
  Year                     = {1998},
  ISBN                     = {ISBN-10: 0134587618},
  Comment                  = {NA PGL},
  Key                      = {Hoare\&98}
}

@book{Z,
  author = "J. Woodcock and J. Davies",
  title = "{Using Z: Specification, Refinement, and Proof}",
  publisher = "Prentice-Hall",
  series = "Prentice Hall Series in Computer Science",
  no_address = "Upper Saddle River, NJ, USA",
  month = apr,
  year = "1996",
  isbn = "0139484728"
}
