@InProceedings{Armstrong2012,
  Title                    = {Automated Reasoning in Higher-Order Regular Algebra},
  Author                   = {Armstrong, A. and Struth, G.},
  Booktitle                = {RAMiCS 2012},
  Year                     = {2012},
  Month                    = {September},
  Publisher                = {Springer},
  Series                   = {LNCS},
  Volume                   = {7560}
}

@InProceedings{Armstrong2013,
  Title                    = {Program Analysis and Verification Based on {Kleene Algebra} in {Isabelle/HOL}},
  Author                   = {Armstrong, A. and Struth, G. and Weber, T.},
  Booktitle                = {ITP},
  Year                     = 2013,
  Publisher                = {Springer},
  Series                   = {LNCS},
  Volume                   = 7998
}

@Article{Armstrong2015,
  author="Armstrong, A. and Gomes, V. and Struth, G.",
  title="Building program construction and verification tools from algebraic principles",
  journal="Formal Aspects of Computing",
  year="2015",
  volume="28",
  number="2",
  pages="265--293"
}

@InProceedings{Blanchette2011,
  Title                    = {Automatic Proof and Disproof in {Isabelle/HOL}},
  Author                   = {Blanchette, J. C. and Bulwahn, L. and Nipkow, T.},
  Booktitle                = {FroCoS},
  Year                     = {2011},
  Pages                    = {12--27},
  Publisher                = {Springer},
  Series                   = {LNCS},
  Volume                   = {6989}
}

@InProceedings{Cavalcanti04,
  author =       {Cavalcanti, A. and Woodcock, J.},
  title =        {A Tutorial Introduction to Designs in Unifying Theories of Programming},
  booktitle =    {Proc. 4th Intl. Conf. on Integrated Formal Methods (IFM)},
  year =         2004,
  volume =       2999,
  series =       {LNCS},
  pages =     {40--66},
  publisher =    {Springer}}

@INCOLLECTION{Cavalcanti&06,
  KEY           = "Cavalcanti\&06",
  AUTHOR        = {Cavalcanti, A. and Woodcock, J.},
  TITLE         = {A Tutorial Introduction to {CSP} in Unifying Theories of
                   Programming},
  BOOKTITLE     = {Refinement Techniques in Software Engineering},
  SERIES        = {LNCS},
  PUBLISHER     = {Springer},
  ISBN          = {978-3-540-46253-8},
  PAGES         = {220--268},
  VOLUME        = {3167},
  YEAR          = {2006},
  COMMENT       = "BIB PGL"}

@Article{Cavalcanti2012,
  author="Cavalcanti, A. and Wellings, A. and Woodcock, J.",
  title="The {Safety-Critical Java} memory model formalised",
  journal="Formal Aspects of Computing",
  year="2012",
  volume="25",
  number="1",
  pages="37--57"
}

@InProceedings{Feliachi2010,
  author =       {Feliachi, A. and Gaudel, M.-C. and Wolff, B.},
  title =        {Unifying Theories in {Isabelle/HOL}},
  booktitle    = {UTP 2010},
  pages    =     {188--206},
  year =         2010,
  volume    =    6445,
  series =       {LNCS},
  publisher = {Springer}}

@InProceedings{Feliachi2012,
  author =       {Feliachi, A. and Gaudel, M.-C. and Wolff, B.},
  title =        {{Isabelle/Circus}: a Process Specification and
                  Verification Environment},
  booktitle    = {VSTTE 2012},
  pages    =     {243--260},
  year =         2012,
  volume    =    7152,
  series =       {LNCS},
  publisher = {Springer}}

@Article{Guttman2010,
  author =       {Guttman, W. and M\"{o}ller, B.},
  title =        {Normal design algebra},
  journal =      {Journal of Logic and Algebraic Programming},
  year =         2010,
  volume =       79,
  number =       2,
  pages =        {144--173},
  month =        {February}}

@Book{Hoare&98,
  Title                    = {Unifying {Theories} of {Programming}},
  Author                   = {Hoare, T. and He, J.},
  Publisher                = {Prentice-Hall},
  Year                     = {1998},
  ISBN                     = {ISBN-10: 0134587618},
  Comment                  = {NA PGL},
  Key                      = {Hoare\&98}
}

@InProceedings{Huffman13,
  Title                    = {Lifting and Transfer: A Modular Design for Quotients in {Isabelle/HOL}},
  Author                   = {Huffman, B. and Kun\v{c}ar, O.},
  Booktitle                = {CPP},
  Year                     = {2013},
  Pages                    = {131--146},
  Publisher                = {Springer},
  Series                   = {LNCS},
  Volume                   = {8307}
}

@article{kozen1997kleene,
  title={Kleene algebra with tests},
  author={Kozen, D.},
  journal={ACM Transactions on Programming Languages and Systems (TOPLAS)},
  volume={19},
  number={3},
  pages={427--443},
  year={1997},
  publisher={ACM}
}

@PHDTHESIS{Oliveira2005-PHD,
AUTHOR = {M. V. M. Oliveira},
TITLE = {{Formal Derivation of State-Rich Reactive Programs using {\sf\textsl{Circus}}}},
SCHOOL = {{Department of Computer Science - University of York}},
YEAR = {2006},
NOTE = {YCST-2006-02},
ADDRESS = {UK},
}

@BOOK{Morgan90a,
  KEY           = "Morgan90",
  AUTHOR        = "Carroll Morgan",
  TITLE         = "Programming from Specifications",
  PUBLISHER     = "Prentice-Hall",
  ADDRESS       = "London, UK",
  YEAR          = "1990",
  SIZE          = "255",
  ANNOTE        = "",
  COMMENT       = "NA PGL (borrowed from ID's library"}

@INPROCEEDINGS{Oliveira07,
  author =       {Oliveira, M. and Cavalcanti, A. and Woodcock, J.},
  title =        {{Unifying theories in ProofPower-Z}},
  booktitle =    {UTP 2006},
  pages =        {123--140},
  year =         {2007},
  volume =       {4010},
  series    =    {LNCS},
  publisher    = {Springer}
}
