@InProceedings{Armstrong2012,
  Title                    = {Automated Reasoning in Higher-Order Regular Algebra},
  Author                   = {Armstrong, A. and Struth, G.},
  Booktitle                = {RAMiCS 2012},
  Year                     = {2012},
  Month                    = {September},
  Publisher                = {Springer},
  Series                   = {LNCS},
  Volume                   = {7560}
}

@InProceedings{Armstrong2013,
  Title                    = {Program Analysis and Verification Based on {Kleene Algebra} in {Isabelle/HOL}},
  Author                   = {Armstrong, A. and Struth, G. and Weber, T.},
  Booktitle                = {ITP},
  Year                     = 2013,
  Publisher                = {Springer},
  Series                   = {LNCS},
  Volume                   = 7998
}

@Article{Armstrong2015,
  author="Armstrong, A. and Gomes, V. and Struth, G.",
  title="Building program construction and verification tools from algebraic principles",
  journal="Formal Aspects of Computing",
  year="2015",
  volume="28",
  number="2",
  pages="265--293"
}

@InProceedings{Blanchette2011,
  Title                    = {Automatic Proof and Disproof in {Isabelle/HOL}},
  Author                   = {Blanchette, J. C. and Bulwahn, L. and Nipkow, T.},
  Booktitle                = {FroCoS},
  Year                     = {2011},
  Pages                    = {12--27},
  Publisher                = {Springer},
  Series                   = {LNCS},
  Volume                   = {6989}
}

@INCOLLECTION{Cavalcanti&06,
  KEY           = "Cavalcanti\&06",
  AUTHOR        = {Cavalcanti, A. and Woodcock, J.},
  TITLE         = {A Tutorial Introduction to {CSP} in Unifying Theories of
                   Programming},
  BOOKTITLE     = {Refinement Techniques in Software Engineering},
  SERIES        = {LNCS},
  PUBLISHER     = {Springer},
  ISBN          = {978-3-540-46253-8},
  PAGES         = {220--268},
  VOLUME        = {3167},
  YEAR          = {2006},
  COMMENT       = "BIB PGL"}

@InProceedings{Feliachi2010,
  author =       {Feliachi, A. and Gaudel, M.-C. and Wolff, B.},
  title =        {Unifying Theories in {Isabelle/HOL}},
  booktitle    = {UTP 2010},
  pages    =     {188--206},
  year =         2010,
  volume    =    6445,
  series =       {LNCS},
  publisher = {Springer}}

@InProceedings{Feliachi2012,
  author =       {Feliachi, A. and Gaudel, M.-C. and Wolff, B.},
  title =        {{Isabelle/Circus}: a Process Specification and
                  Verification Environment},
  booktitle    = {VSTTE 2012},
  pages    =     {243--260},
  year =         2012,
  volume    =    7152,
  series =       {LNCS},
  publisher = {Springer}}

@PhdThesis{Foster09,
  author =       {Foster, J.},
  title =        {Bidirectional programming languages},
  school =       {University of Pennsylvania},
  year =         2009}

@InProceedings{Foster16a,
  author =       {Foster, S. and Zeyda, F. and Woodcock, J.},
  title =        {Unifying heterogeneous state-spaces with lenses},
  booktitle =    {Proc. 13th Intl. Conf. on Theoretical Aspects of Computing (ICTAC)},
  year =         2016,
  volume =    9965,
  series =       {LNCS},
  publisher =    {Springer}}

@InProceedings{Foster16b,
  author =       {Foster, S. and Thiele, B. and Cavalcanti, A. and Woodcock, J.},
  title =        {Towards a {UTP} semantics for {Modelica}},
  booktitle =    {Proc. 6th Intl. Symp. on Unifying Theories of Programming},
  month =        {June},
  year =         2016,
  series =       {LNCS},
  volume =       {10134},
  publisher =    {Springer}
}

@InProceedings{Hayes2006,
  author =       {Hayes, I.},
  title =        {Termination of Real-Time Programs: Definitely, Definitely Not, or Maybe},
  booktitle =    {Proc. 1st Intl. Symp. on Unifying Theories of Programming},
  year =         2006,
  editor =    {Dunne, S. and Stoddart, B.},
  volume =       4010,
  series =       {LNCS},
  pages =        {141--154},
  month =        {February},
  publisher =    {Springer}}

@InProceedings{Hayes2010,
  Title                    = {Unifying theories of programming that distinguish nontermination and abort},
  Author                   = {Hayes, I. J. and Dunne, S. E. and Meinicke, L.},
  Booktitle                = {Mathematics of Program Construction (MPC)},
  Year                     = {2010},
  Pages                    = {178--194},
  Publisher                = {Springer},
  Series                   = {LNCS},
  Volume                   = {6120}
}

@Book{Hoare85,
  Title                    = {{Communicating Sequential Processes}},
  Author                   = {Hoare, T.},
  Publisher                = {Prentice-Hall},
  Year                     = {1985},
  Size                     = {256}
}

@ARTICLE{Hoare87,
  AUTHOR        = "Hoare, T. and Hayes, I. and He, J.
                   and Morgan, C. and Roscoe, A. and Sanders, J.
                   and S{\o}rensen, I. and Spivey, J. and Sufrin, B.",
  TITLE         = "The Laws of Programming",
  JOURNAL       = "Communications of the ACM",
  VOLUME        = "30",
  NUMBER        = "8",
  PAGES         = "672--687",
  MONTH         = "August",
  YEAR          = "1987"}

@Book{Hoare&98,
  Title                    = {Unifying {Theories} of {Programming}},
  Author                   = {Hoare, T. and He, J.},
  Publisher                = {Prentice-Hall},
  Year                     = {1998},
  ISBN                     = {ISBN-10: 0134587618},
  Comment                  = {NA PGL},
  Key                      = {Hoare\&98}
}


@Article{Hofner2009,
  Title                    = {An algebra of hybrid systems},
  Author                   = {Peter H\"{o}fner and Bernhard M\"{o}ller},
  Journal                  = {Journal of Logic and Algebraic Programming},
  Year                     = {2009},
  Number                   = {2},
  Pages                    = {74--97},
  Volume                   = {78}
}

@InProceedings{Immler2014,
  Title                    = {Formally Verified Computation of Enclosures of Solutions of Ordinary Differential Equations},
  Author                   = {Immler, F.},
  Booktitle                = {Proc. 6th NASA Formal Methods Symposium (NFM)},
  Year                     = {2014},
  Publisher                = {Springer},
  Series                   = {LNCS},
  Volume                   = {8430}
}

@InProceedings{Immler2012,
  Title                    = {Numerical Analysis of Ordinary Differential Equations in {Isabelle/HOL}},
  Author                   = {Immler, F. and H\"{o}lzl, J.},
  Booktitle                = {3rd Intl. Conf. on Interactive Theorem Proving (ITP)},
  Year                     = {2012},
  Pages                    = {377 -- 392},
  Publisher                = {Springer},
  Series                   = {LNCS},
  Volume                   = {7406}
}

@Book{Morgan90,
  title = {Programming from Specifications},
  author = {Carroll Morgan},
  year = {1990},
  publisher = {Prentice Hall}
}

@InProceedings{Zeyda16,
  author =       {Zeyda, F. and Foster, S. and Freitas, L.},
  title =        {An Axiomatic Value Model for {Isabelle/UTP}},
  booktitle =    {Proc. 6th Intl. Symp. on Unifying Theories of Programming},
  year =         2016,
  series = {LNCS}, 
  volume = {10134},
  pages = {155--175},
  publisher = {Springer}
}
